@misc{qgis,
    author    = "QGIS Community",
    title     = "QGIS Project",
    url       = "https://qgis.org/en/site/"
}