@misc{qgis,
    author =       "QGIS Development Team",
    title =        "{QGIS 3.16 LTS - Freies Geoinformationssystem}",
    year={2021},
    howpublished = "\url{https://www.qgis.org/de/site/}"
}

